@article{bojanowski2016enriching,
  title={Enriching Word Vectors with Subword Information},
  author={Bojanowski, Piotr and Grave, Edouard and Joulin, Armand and Mikolov, Tomas},
  journal={arXiv preprint arXiv:1607.04606},
  year={2016}
}

@misc{ fastText_website,
    author = "{Meta Research}",
    title = "fastText - Library for efficient text classification and representation learning",
    howpublished = {\url{https://fasttext.cc/}},
    note = "[Online; accessed 4-January-2024]",
}

@article{embedding_evaluator_paper,
  author       = {Luk{\'{a}}s Svoboda and
                  Tom{\'{a}}s Brychc{\'{\i}}n},
  title        = {New word analogy corpus for exploring embeddings of Czech words},
  journal      = {CoRR},
  volume       = {abs/1608.00789},
  year         = {2016},
  url          = {http://arxiv.org/abs/1608.00789},
  eprinttype    = {arXiv},
  eprint       = {1608.00789},
  timestamp    = {Mon, 13 Aug 2018 16:47:04 +0200},
  biburl       = {https://dblp.org/rec/journals/corr/SvobodaB16.bib},
  bibsource    = {dblp computer science bibliography, https://dblp.org}
}

@misc{ upv_faq,
    author = "{Adam Jirkovsk√Ω}",
    title = "UPV FAQ Semantic Text Similarity Test",
    howpublished = {\url{https://github.com/jirkoada/upv_faq}},
    note = "[Online; accessed 4-January-2024]",
}

